<?xml version="1.0" encoding="UTF-8" standalone="no"?><searchRetrieveResponse xmlns="http://www.loc.gov/zing/srw/">
  <version>1.2</version>
  <numberOfRecords>1</numberOfRecords>
  <records>
    <record>
      <recordSchema>marcxml</recordSchema>
      <recordPacking>xml</recordPacking>
      <recordData>
        <record xmlns="http://www.loc.gov/MARC21/slim">
          <leader>02022nam a22004337a 4500</leader>
          <controlfield tag="001">991046494559706532</controlfield>
          <controlfield tag="005">20060905 TAPE EALR0905: 0018</controlfield>
          <datafield ind1=" " ind2=" " tag="035">
            <subfield code="a">(CUY)UCB-b113122639-01ucs_ber</subfield>
          </datafield>
          <datafield ind1=" " ind2=" " tag="035">
            <subfield code="a">(OCoLC)43454304</subfield>
            <subfield code="9">ExL</subfield>
          </datafield>
          <datafield ind1=" " ind2=" " tag="035">
            <subfield code="a">CUBO04-B353</subfield>
          </datafield>
          <datafield ind1=" " ind2=" " tag="035">
            <subfield code="a">(EXLNZ-01UCS_NETWORK)9913472398106531</subfield>
          </datafield>
          <datafield ind1=" " ind2=" " tag="040">
            <subfield code="a">CU</subfield>
            <subfield code="c">CU</subfield>
            <subfield code="d">CStRLIN</subfield>
            <subfield code="d">CaBVaU</subfield>
          </datafield>
          <datafield ind1=" " ind2=" " tag="066">
            <subfield code="c">$1</subfield>
          </datafield>
          <datafield ind1=" " ind2=" " tag="090">
            <subfield code="b">5090.1962</subfield>
            <subfield code="9">LOCAL</subfield>
          </datafield>
          <datafield ind1=" " ind2=" " tag="090">
            <subfield code="a">PL1281</subfield>
            <subfield code="b">.S85 1785</subfield>
            <subfield code="9">LOCAL</subfield>
          </datafield>
           <!-- <datafield ind1="0" ind2="0" tag="245">
            <subfield code="6">880-01</subfield>
            <subfield code="a">Cang jie pian :</subfield>
            <subfield code="b">[san juan] /</subfield>
            <subfield code="c">Sun Xingyan xue.</subfield>
          </datafield> -->
          <datafield ind1=" " ind2=" " tag="255">
             <subfield code="a">fake_255_a</subfield>
              <subfield code="c">fake_255_c</subfield>
               <subfield code="b">fake_255_b</subfield>
                <subfield code="6">fake_255_6</subfield>
          </datafield>

          <datafield ind1=" " ind2=" " tag="507">
            <subfield code="6">880_09</subfield>
            <subfield code="a">fake_507_a</subfield>
          </datafield>
          <datafield ind1="0" ind2="0" tag="245">
            <subfield code="a">Cang jie pian :</subfield>
            <subfield code="b">[san juan] /</subfield>
            <subfield code="c">Sun Xingyan xue.</subfield>
          </datafield>

          <datafield ind1="3" ind2=" " tag="246">
            <subfield code="6">880-02</subfield>
            <subfield code="a">Sun shi Cang jie pian</subfield>
            <subfield code="b">^^ b fake</subfield>
            <subfield code="n">^^ n fake</subfield>
            <subfield code="p">^^ p fake</subfield>
          </datafield>
          <datafield ind1="3" ind2=" " tag="880">
            <subfield code="6">246-02/$1</subfield>
            <subfield code="a">孫氏倉頡篇</subfield>
          </datafield>
          <datafield ind1=" " ind2=" " tag="260">
            <subfield code="6">880-03</subfield>
            <subfield code="a">[Daliang] :</subfield>
            <subfield code="b">Daliang fu shu,</subfield>
            <subfield code="c">Qing Qianlong 50 nian [1785]</subfield>
          </datafield>
          <datafield ind1=" " ind2=" " tag="880">
            <subfield code="6">260-03/$1</subfield>
            <subfield code="a">[大梁] :</subfield>
            <subfield code="b">大梁撫署,</subfield>
            <subfield code="c">清乾隆50年 [1785]</subfield>
          </datafield>
          <datafield ind1=" " ind2=" " tag="300">
            <subfield code="a">1 v. ;</subfield>
            <subfield code="c">27 cm.</subfield>
          </datafield>
           <datafield ind1=" " ind2=" " tag="300">
            <subfield code="3">fake 3</subfield>
            <subfield code="a">2 v. ;</subfield>
            <subfield code="b">fake cm.</subfield>
          </datafield>
          <datafield ind1="0" ind2=" " tag="490">
            <subfield code="6">880-04</subfield>
            <subfield code="a">[Dai nan ge cong shu]</subfield>
          </datafield>
          <datafield ind1="0" ind2=" " tag="880">
            <subfield code="6">490-04/$1</subfield>
            <subfield code="a">[岱南閣叢書]</subfield>
          </datafield>

          <datafield ind1=" " ind2="0" tag="630">
            <subfield code="6">880-16</subfield>
            <subfield code="a">fake a * </subfield>
            <subfield code="b">fake b *</subfield>
            <subfield code="c">fake c *</subfield>
            <subfield code="d">fake d *</subfield>
            <subfield code="f">fake f *</subfield>
            <subfield code="j">fake j *</subfield>
            <subfield code="k">fake k *</subfield>
            <subfield code="l">fake l *</subfield>
            <subfield code="m">fake m *</subfield>
            <subfield code="n">fake n *</subfield>
            <subfield code="o">fake o *</subfield>
            <subfield code="p">fake p *</subfield>
            <subfield code="q">fake q *</subfield>
            <subfield code="r">fake r *</subfield>
            <subfield code="s">fake s *</subfield>
            <subfield code="t">fake t *</subfield>

            <subfield code="x">fake x1 </subfield>
            <subfield code="x">fake x2 </subfield>
            <subfield code="2">sk</subfield>
          </datafield>

        <datafield ind1="1" ind2=" " tag="880">
          <subfield code="a">a fake 880 field without subfield6 for test</subfield>
         </datafield>
          <datafield ind1=" " ind2="0" tag="650">
            <subfield code="a">Chinese language</subfield>
            <subfield code="v">Glossaries, vocabularies, etc.</subfield>
          </datafield>
          <datafield ind1=" " ind2="7" tag="650">
            <subfield code="6">880-05</subfield>
            <subfield code="a">Jing bu</subfield>
            <subfield code="x">Xiao xue lei</subfield>
            <subfield code="x">Zi shu.</subfield>
            <subfield code="2">fast</subfield>
          </datafield>
          <datafield ind1=" " ind2="7" tag="880">
            <subfield code="6">650-05/$1</subfield>
            <subfield code="a">經部</subfield>
            <subfield code="x">小學類</subfield>
            <subfield code="x">字書.</subfield>
            <subfield code="2">sk</subfield>
          </datafield>
          <datafield ind1="1" ind2=" " tag="700">
            <subfield code="6">880-06</subfield>
            <subfield code="e">xue.</subfield>
            <subfield code="a">Sun, Xingyan,</subfield>
            <subfield code="d">1753-1818,</subfield>

          </datafield>
          <datafield ind1="1" ind2=" " tag="880">
            <subfield code="6">700-06/$1</subfield>
            <subfield code="e">學.</subfield>
            <subfield code="a">孫星衍,</subfield>
            <subfield code="d">1753-1818,</subfield>

          </datafield>
          <datafield ind1="9" ind2=" " tag="710">
            <subfield code="6">880-07</subfield>
            <subfield code="a">Daliang fu shu,</subfield>
            <subfield code="e">ke.</subfield>
          </datafield>
          <datafield ind1="2" ind2=" " tag="880">
            <subfield code="6">710-07/$1</subfield>
            <subfield code="a">大梁撫署,</subfield>
            <subfield code="e">刻.</subfield>
          </datafield>
          <datafield ind1=" " ind2=" " tag="880">
            <subfield code="6">500-00/$1</subfield>
            <subfield code="a">卷分上中下.</subfield>
          </datafield>
          <datafield ind1=" " ind2=" " tag="880">
            <subfield code="6">500-00/$1</subfield>
            <subfield code="a">與BCUO02-B3324同版, 該書有封面鐫"李斯等倉頡篇亁隆乙巳冬十月刋于大梁撫署絳華山人作".</subfield>
          </datafield>
          <datafield ind1=" " ind2=" " tag="880">
            <subfield code="6">500-00/$1</subfield>
            <subfield code="a">亁隆五十年畢沅"序"言刻書事.</subfield>
          </datafield>
          <datafield ind1=" " ind2=" " tag="880">
            <subfield code="6">500-00/$1</subfield>
            <subfield code="a">框19.3 x 14.8公分, 11行22字, 黑口, 四周單邊, 雙黑魚尾. 版心中鐫書名及卷次.</subfield>
          </datafield>
          <datafield ind1="4" ind2=" " tag="880">
            <subfield code="6">510-00/$1</subfield>
            <subfield code="a">叢書名據《中國叢書綜錄》,</subfield>
            <subfield code="c">1:147, 《柏克萊加州大學東亞圖書館中文古籍善本書志》, no.59, p.30.</subfield>
          </datafield>
          <datafield ind1=" " ind2=" " tag="968">
            <subfield code="a">Reclvl: f Addate: 000215 Addid: OCL Moddate: 080606 Modid: XRF</subfield>
            <subfield code="9">LOCAL</subfield>
          </datafield>
          <datafield ind1=" " ind2=" " tag="990">
            <subfield code="a">EAST;</subfield>
            <subfield code="b">5090.1962;</subfield>
            <subfield code="c">SLF: RETROCON</subfield>
            <subfield code="9">LOCAL</subfield>
          </datafield>
          <datafield ind1=" " ind2=" " tag="996">
            <subfield code="e">GLADN184850109</subfield>
            <subfield code="9">LOCAL</subfield>
          </datafield>
          <datafield ind1=" " ind2=" " tag="996">
            <subfield code="a">b113122639</subfield>
            <subfield code="b">Updated: 01-20-13</subfield>
            <subfield code="c">Created: 03-17-09</subfield>
            <subfield code="d">CatDate: 02-15-00</subfield>
            <subfield code="9">LOCAL</subfield>
          </datafield>
          <datafield ind1=" " ind2=" " tag="264">
            <subfield code="a">264 fake a 1</subfield>
            <subfield code="b">264 fake b 1</subfield>
            <subfield code="c">264 fake c 1</subfield>
          </datafield>
          <datafield ind1=" " ind2=" " tag="264">
            <subfield code="a">264 fake 2</subfield>
          </datafield>
          <datafield ind1=" " ind2=" " tag="AVA">
            <subfield code="0">991046494559706532</subfield>
            <subfield code="8">22702269110006532</subfield>
            <subfield code="a">01UCS_BER</subfield>
            <subfield code="b">EAL</subfield>
            <subfield code="c">East Asian Rare</subfield>
            <subfield code="d">5090.1962</subfield>
            <subfield code="e">available</subfield>
            <subfield code="f">1</subfield>
            <subfield code="g">0</subfield>
            <subfield code="i">UCB_Campus</subfield>
            <subfield code="j">eau</subfield>
            <subfield code="k">8</subfield>
            <subfield code="p">1</subfield>
            <subfield code="q">East Asian Library</subfield>
          </datafield>
        </record>
      </recordData>
      <recordIdentifier>991046494559706532</recordIdentifier>
      <recordPosition>1</recordPosition>
    </record>
  </records>
  <extraResponseData xmlns:xb="http://www.exlibris.com/repository/search/xmlbeans/">
    <xb:exact>true</xb:exact>
    <xb:responseDate>2022-01-27T19:08:03-0800</xb:responseDate>
  </extraResponseData>
</searchRetrieveResponse>
